<?xml version="1.0" encoding="UTF-8"?><record xmlns="http://www.loc.gov/MARC21/slim" xmlns:cinclude="http://apache.org/cocoon/include/1.0" xmlns:zs="http://www.loc.gov/zing/srw/">
  <leader>00406nz  a2200121n  4500</leader>
  <controlfield tag="001">no 94031892 </controlfield>
  <controlfield tag="003">DLC</controlfield>
  <controlfield tag="005">19940914165142.6</controlfield>
  <controlfield tag="008">940914n| acannaab|          |n ana     c</controlfield>
  <datafield tag="010" ind1=" " ind2=" ">
    <subfield code="a">no 94031892 </subfield>
  </datafield>
  <datafield tag="040" ind1=" " ind2=" ">
    <subfield code="a">DJBF</subfield>
    <subfield code="c">DJBF</subfield>
  </datafield>
  <datafield tag="110" ind1="2" ind2="0">
    <subfield code="a">Instituto de Reforma Agraria y Colonizacio휍혖n (Peru)</subfield>
  </datafield>
  <datafield tag="670" ind1=" " ind2=" ">
    <subfield code="a">Informe del directorio, 1960-1962:</subfield>
    <subfield code="b">t.p. (Instituto de Reforma Agraria y Colonizacio휍혖n) p. 9 (IRAC) p. 1991 (Lima)</subfield>
  </datafield>
</record>